@inproceedings{meissnerformel,
	author={Kindt, Werner},
	title={Grundschriften der deutschen Jugendbewegung},
	publisher={Diederichs},
	address={Düsseldorf, Köln},
	year={1963},
	note={}
}

@ONLINE{html5rocksmain,
	author = {Multiple Authors},
	title = {HTML5 Rocks - A ressource for open web HTML5 developers},
	month = {August},
	year = {2013},
	url = {http://www.html5rocks.com}
}